@book{davis1986systemes,
  title={ Systèmes d’information pour le management. Boucherville [Québec]},
  author={Davis, Gordon B and Olson, Margrethe H  },
  year={1986},
  publisher={Éditions G. Vermette}
}



@incollection{haouet2008informatique,
  title={ Informatique décisionnelle et management de la performance de l’entreprise.},
  author={Haouet, Chaker},
  booktitle={P17, cahier de recherche (2008), Nr},
  year={2008},
}

@incollection{march1991systemes,
  title={Systèmes d’information et prise de décision : des   liens ambigus. },
  author={March, JamesG},
  booktitle={ Décisions et organisations (1991)},
  pages={231--254},
  year={1991},
}

@incollection{le1977thorie,
  title={ La Theorie du Seystème General : Theorie de la Modlisation.},
  author={Le Moigne, Jean-Louis },
  booktitle={Presses Universitaires de France (1977).},
  year={1977}.
}

@incollection{reix2002recherche,
  title={La recherche en systèmes d’information : de l’histoire au concept.},
  author={Reix, Robert and Rowe, Frantz },
  booktitle={Faire de la recherche en système d’information (2002)},
  pages={1--17},
  year={2002}.
}

@book{devisy02livre,
  title={Livre Blanc e-business Intelligence, l’effet internet sur le décisionnel.},
  author={Devisy },
  year={2002}
}

@incollection{lau09place,
  title={Place de la BI et pilotage des projets décisionnels dans les grandes organisations françaises.},
  author={LAU, Stéphane and  SABATIER,  Julien and  BOUTEILLER,  Sophie },
  booktitle={ Cigref 5 (2009)},
  year={2009},

}

@PhDThesis{teste2009modelisation,
title = { Modélisation et manipulation des systèmes OLAP : de l’intégration des documents à l’usager},
author = {Teste, Olivier },
school = {Université Paul Sabatier-Toulouse III, Dissertation},
year = {2009}

}

@book{doucet2007repenser,
  title={Repenser le budget : la voie de l’informatique décisionnelle.},
  author={Doucet, Simon and De La Villarmois, Olivier},
  year={2007}
}

@book{kimball2013data,
  title={The data warehouse toolkit :
The definitive guide to dimensional modeling},
  author={Kimball, Ralph and Ross, Margy},
  year={ 2013 },
  publisher={John Wiley & Sons},
}



@incollection{kimball2002data,
  title={The data warehouse toolkit : the complete guide to dimensional modelling.},
  author={ Kimball, Ralph and Ross, Margy and u. a. },
  booktitle={[Nachdr.]. New York [ua] : Wiley (2002)},
  year={2002},

}

@PhDThesis{el2008ingenierie,
title = { Ingéniérie des exigences pour les systèmes d’in- formation décisionnels : concepts, modèles et processus-la méthode CADWE},
author = {El Golli, Inès Gam},
school = {Université Panthéon-Sorbonne-Paris I, Dissertation},
year = {2008}

}

@incollection{ponniah2001data,
  title={Data Warehousing  fundamentals, John Willey &  Sons},
  author={Ponniah, Paulraj},
  booktitle={Inc, New York, USA (2001)},
  year={2001},

}


@online{polet12infor,
    author        = {Poletto,  Maxime},
    title         = { L’informatique   décisionnelle,  These  professionnelle, 2012},
    year          = {2012},
    url           = {http://news.exia.cesi.fr/wp-content/uploads/2012/06/ Maxime-Poletto- Th C3A8se.pdf}
}

@incollection{kimball1996data,
  title={The data warehousing toolkit},
  author={Kimball, Ralph and Ross, M},
  booktitle={John Wiley& Sons, New York (1996)},
  year={1996},

}


@book{inmon1996building,
  title={Building the Warehouse, 2nd},
  author={Inmon, WH },
  year={ 1996 },
  publisher={ Newyork :John Wiley &Sons,Inc},
}


@PhDThesis{tournier2007analyse,
title = { Analyse en ligne (OLAP) de documents},
author = {Tournier, Ronan},
school = {Université Paul Sabatier-Toulouse III, Dissertation},
year = {2007}

}

@book{inmon2002building,
  title={ Building  the  data  warehouse},
  author={Inmon, William H. },
  year={ 2002},
  publisher={John wiley & sons},
}

@book{berland2004mesurer,
  title={Mesurer et piloter la performance},
  author={Berland, Nicolas},
  year={ 2004},
  publisher={Editions de la performance},
}


@incollection{berry2000mastering,
  title={Mastering data mining : the art and science of customer relationship management},
  author={Berry, Michael A and  Linoff, Gordon S.},
  booktitle={Industrial Management & Data Systems 100 (2000)},
  year={2000},

}



@article{fayyad1996advances,
    author        = {Fayyad, Usama M. and Piatetsky-Shapiro, Gregory and Smyth, Padhraic and Uthurusamy, Ramasamy},
    title         = {Advances in knowledge discovery and data mining.},
    year          = {1905},
   }


@Thesis{denis2008,
title = { Conception et réalisation d’un entrepot de données institutionnel dans une perspective de support à la prise de décision, Thesis},
author = {	Denis},
year = {2008}

}

@Thesis{weir2008,
title = { A Configuration Approach for Selecting a Data Warehouse Archi- tecture, Thesis},
author = {Weir},
year = {2008}

}

@article{inmon2000,
    author        = {Inmon, Bill },
    title         = {Creating The Data Warehouse Data Model From The Corporate Data Mode},
    year          = {2000},
   }


@article{breslin2004data,
    author        = {	Breslin, Mary},
    title         = {Data warehousing battle of the giants. In : Business Intelligence Journal},
    
    year          = {2004},
   }


@book{kimball12data,
  title={The data warehouse lifecycle toolkit Expert methode for designing developing and deploying},
  author={Kimball, Ralph and Reeves, Laura and Ross, Margy},
  year={ 2012},
  publisher={ Canada : Wiley},
}

@incollection{kimball2004data,
  title={ The data warehouse ETL toolkit : practical techniques for extracting},
  author={Kimball, Ralph and Caserta, J },
  booktitle={Cleaning, Conforming, and Delivering Data },
  year={2004},

}


@book{inmon2005building,
  title={Building  the  datawarehouse},
  author={Inmon, William H},
  year={ 2005},
  publisher={John wiley & sons},
}


@book{kimball2008data,
  title={ The datawarehouse lifecycle toolkit},
  author={Kimball, Ralph},
  year={ 2008},
  publisher={John wiley & sons},
}


@book{adamson2012mastering,
  title={ Mastering data warehouse aggregates : solutions for star schema performance},
  author={Adamson, Christopher},
  year={ 2012},
  publisher={John wiley & sons},
}



@online{dieng13etoile,
    author        = {Dieng, Souleymane},
    title         = { Modèle étoile},
    year          = {2013},
    url           = { http:// panorama-technologies.blogspot.com/2013/09/modeles-etoiles.html}
}


@book{ballard1998data,
  title={ Data modeling techniques for data warehousing},
  author={	Ballard, Chuck and Herreman, Dirk and Schau, Don and Bell, Rhonda and
Kim, Eunsaeng and Valencic, Ann},
  year={ 1998},
  publisher={IBM},
}

@online{kimb08bus,
    author        = {	KimballGroup},
    title         = {Matrice	de	bus de	Kimball},
    year          = {2008a},
    url           = { http://www.kimballgroup.com/ data-warehouse-business-intelligence-resources/kimball-techniques/ kimball-data-warehouse-bus-architecture/}
}


@incollection{hoffer2009modern,
  title={  Modern Systems Analysis and Design (2008, )},
  author={Hoffer, Jeffrey and George, Joey and Valacich, Joseph },
  booktitle={Information Systems },
  year={2009},

}


@online{group16fg,
    author        = {Groupeafg},
    title         = {groupeafg},
    year          = {2015},
    url           = { http://www.groupeafg.com/ la-modelisation-de-letoile-a-la-constellation/}
}


@online{kimball16architec,
    author        = {KimballGroup},
    title         = {Technical	dw	bi	system	architecture.	kimballgroup.com},
    year          = {2008},
    url           = { http://www.kimballgroup.com/ data-warehouse-business-intelligence-resources/kimball-techniques/ technical-dw-bi-system-architecture/}
}

@online{3,
    author        = {Linstedt, Dan},
    title         = { Data vault series 1 data vault overview},
    year          = {2002},
    url           = { http://tdan.com/data-vault-series-1-data-vault-overview/5054}
}


@online{4,
    author        = {Mathiews, Diane},
    title         = { Data vault et bi},
    year          = {2012},
    url           = {http://fr. slideshare.net/dlinstedt/prsentation-data-vault-et-bi-v20120508}
}


@Thesis{awel2014,
title = { Data Vault Modelling, Thesis},
author = {Awel},
year = {2014}

}


@online{qosqo12,
    author        = {qosqo},
    title         = { Datawarehousing. In : Data warehouse management},
    year          = {2012},
    url           = {http://www.datawarehousemanagement.org/wp-content/uploads/sites/2/2015/03/QUIPU-1.1-Whitepaper-final.pdf}
}


@online{7,
    author        = {Durand, Luc},
    title         = {Data Vault : Comment se distingue cette nouvelle vision d’entrepôt de données  - Partie 1},
    year          = {2011},
    url           = {http://www.agiledss.com/blogue/
data-vault-comment-se-distingue-cette-nouvelle-vision-dentrepot-de-donnees-partie.html}
}


@book{linstedt2009,
  title={ The New Business Supermodel. The Business of Data Vault Data Modeling},
  author={	Linstedt, Hultgren},
  year={ 2009},

}


@online{10,
    author        = {Linstedt},
    title         = {Data Vault Components},
    year          = {2003},
    url           = { http://tdan.com/ data-vault-series-2-data-vault-components/5155}
}


@online{12,
    author        = {Schreuder,  Marco},
    title         = {Dimensional  modeling  and  Data  Vault –  a  happy marriage},
    year          = {2011},
    url           = { http://blog.in2bi.com/business-intelligence/ dimensional-modeling-and-data-vault-ndash-a-happy-marriage/}
}


@incollection{schneider2014com,
  title={   Comparison  of Data Modeling Methods for a Core Data Warehouse},
  author={Schneider, Martino ;and Eschermann },
  booktitle={Trivadis (2014) },
  year={2014},

}

@Thesis{schalk14,
title = { A comparison of the impact of data vault and dimensional modelling on data warehouse performance and maintenance, Thesis},
author = {Schalkwyk},
year = {2014}

}


@online{13,
    author        = {Orlov,Vadim  },
    title         = {Data    Warehouse     Architec- ture      :       Inmon       CIF,       Kimball       Dimensional       or       Linstedt       Data Vault},
    year          = {2014},
    url           = { https://blog.westmonroepartners.com/
data-warehouse-architecture-inmon-cif-kimball-dimensional-or-linstedt-data-vault/},
}


@online{Exterion,
    author        = {ExterionMedia},
    title         = {ExterionMedia},
    year          = {2018},
    url           = {https://www.exterionmedia.com/fr/notre-expertise/a-propos-de-nous}
}












































































@incollection{14,
  title={Value-based management of software testing},
  author={Ramler, Rudolf and Biffl, Stefan and Gr{\"u}nbacher, Paul},
  booktitle={Value-based software engineering},
  pages={225--244},
  year={2006},
  publisher={Springer}
}




@misc{zaki,
  title = {Valeo Service},
  howpublished = {\url{http://www.valeoservice.fr}},
  note = {consulté le: 2017-05-15}
}




 
 
 
 
 
 
 
 